
@misc{edpbGuidelines0520202020,
  title = {Guidelines 05/2020 on Consent under {{Regulation}} 2016/679},
  author = {{EDPB}},
  year = {2020},
  month = may,
  publisher = {{European Data Protection Board}},
  file = {C\:\\Users\\hesus\\Zotero\\storage\\SNWPJAD2\\edpb_guidelines_202005_consent_en.pdf},
  language = {en}
}

@misc{edpbGuidelines0720202020,
  title = {Guidelines 07/2020 on the Concepts of Controller and Processor in the {{GDPR}}},
  author = {{EDPB}},
  year = {2020},
  month = sep,
  publisher = {{European Data Protection Board}},
  file = {C\:\\Users\\hesus\\Zotero\\storage\\TTQDQIJY\\edpb_guidelines_202007_controllerprocessor_en.pdf}
}


